@ARTICLE {st-gcn,
    author  = "Sijjie Yan, Yuanjun Xiong, Dahua Lin",
    title   = "Spatial Temporal Graph Convolutional Networks for Skeleton-Based Action Recognition",
    journal = "AAAI Conference on Artificial Intelligence (AAAI-18)",
    year    = "2018"
}
@ARTICLE {review,
    author  = "Fei Han, Brian Reily, William Hoff, Hao Zhang",
    title   = "Space-Time Representation of People Based on 3D Skeletal Data: A Review",
    journal = "Division of Computer Science, Colorado School of Mines, Golden, CO 80401, USA",
    year    = "2017"
}
@MISC {Wikipedia,
    title        = "Activity recognition",
    howpublished = "https://en.wikipedia.org/wiki/Activity_recognition",
    note         = "Retrieved:  2019-07-29"
}
@ARTICLE {survey,
    author  = "Guangchun Cheng, Yiwen Wan, Abdullah N. Saudagar, Kamesh Namuduri, Bill P. Buckles",
    title   = "Advances in Human Action Recognition: A Survey",
    journal = "Dept. of Computer Science and Engineering, University of North Texas",
    year    = "2015"
}
@ARTICLE {handrafted_paper,
    author  = "Allah Bux Sargano 1,2,*, Plamen Angelov 1 and Zulfiqar Habib 2",
    title   = "A Comprehensive Review on Handcrafted and Learning-Based Action Representation Approaches for Human Activity Recognition",
    journal = "Applied Sciences",
    year    = "2017"
}
@ARTICLE {gcn_paper,
    author  = "Thomas N. Kipf, Max Welling",
    title   = "Semi-Supervised Classification with graph Convolutional Networks",
    journal = "ICLR",
    year    = "2017"
}
@ARTICLE {har_rnn,
    author  = "Jun Liuy, Amir Shahroudyy, Dong Xuz, and Gang Wangy",
    title   = "Spatio-Temporal LSTM with Trust Gates for 3D Human Action Recognition",
    journal = "School of Electrical and Electronic Engineering, Nanyang Technological University",
    year    = "2016"
}
@ARTICLE {lstm,
    author  = "Sepp Hochreiter,  Jurgen Schmidhuber",
    title   = "Long Short-Term Memory",
    journal = "Neural Computation",
    year    = "1997"
}
@BOOK {oppenheim,
    author    = "Alan V. Oppenheim, Alan S. Willsky, S. Hamid Nawab",
    title     = "Signals \& Systems",
    publisher = "Prentice-Hall International, Inc.",
    year      = "1997"
}
@MISC {2d_conv_src,
    author = "Sung Kim",
    title  = "Applications of Convolution in Image Processing with MATLAB",
    year   = "2013"
}
@ARTICLE {lstm_attention,
    author  = "Jun Liu, Gang Wang, Ling-Yu Duan,  Kamila Abdiyeva and Alex C. Kot",
    title   = "Skeleton-Based Human Action Recognition With Global Context-Aware Attention LSTM Networks",
    journal = "IEEE Transaction on Image Processing",
    year    = "2018"
}
@ARTICLE {attention_pooling_main,
    author  = "Rohit Girdhar, Deva Ramanan",
    title   = "Attentional Pooling for Action Recognition",
    journal = "Conference on Neural Information Processing Systems (NIPS 2017)",
    year    = "2017"
}
@ARTICLE {attention_pooling,
    author  = "Pengcheng Li, Yan Song, Ian McLoughlin, Wu Guo, Lirong Dai",
    title   = "An Attention Pooling based Representation Learning Method for Speech Emotion Recognition",
    journal = "Interspeech",
    year    = "2018"
}
@ARTICLE {NTU_paper,
    author  = "Amir Shahroudy, Jun Liu, Tian-Tsong Ng, Gang Wang",
    title   = "NTU RGB+D: A Large Scale Dataset for 3D Human Activity Analysis",
    journal = "IEEE Conference on Computer Vision and Pattern Recognition",
    year    = "2016"
}
@MISC {entropy_src,
    title        = "Loss Functions",
    howpublished = "https://ml-cheatsheet.readthedocs.io/en/latest/loss_functions.html",
    note         = "Retrieved:  2019-07-29"
}
@BOOK {goodfellow,
    author    = "Ian Goodfellow, Yoshua Bengio and Aaron Courville",
    title     = "Deep Learning",
    publisher = "Massachusetts Institute of Technology",
    year      = "2016"
}
