
@Article{st-gcn,
author = {Sijjie Yan and Yuanjun Xiong and Dahua Lin},
title = {Spatial Temporal Graph Convolutional Networks for Skeleton-Based Action Recognition},
journal = {{AAAI} Conference on Artificial Intelligence {(AAAI-18)}},
year = {2018},
OPTkey = {•},
OPTvolume = {•},
OPTnumber = {•},
OPTpages = {•},
OPTmonth = {•},
OPTnote = {•},
OPTannote = {•}
}


@Article{review,
author = {Fei Han and Brian Reily and William Hoff and Hao Zhang},
title = {{Space-Time} Representation of People Based on {3D} Skeletal Data: A Review},
journal = {Division of Computer Science, Colorado School of Mines, Golden, {CO 80401}, {USA}},
year = {2017},
OPTkey = {•},
OPTvolume = {•},
OPTnumber = {•},
OPTpages = {•},
OPTmonth = {•},
OPTnote = {•},
OPTannote = {•}
}



@Misc {Wikipedia,
    title        = {Activity recognition},
    howpublished = {\url{https://en.wikipedia.org/wiki/Activity_recognition}},
    note         = {Retrieved:  2019-07-29}
}




@Article{survey,
author = {Guangchun Cheng and Yiwen Wan and Abdullah N. Saudagar and Kamesh Namuduri and Bill P. Buckles},
title = {Advances in Human Action Recognition: A Survey},
journal = {Dept. of Computer Science and Engineering, University of North Texas},
year = {2015},
OPTkey = {•},
OPTvolume = {•},
OPTnumber = {•},
OPTpages = {•},
OPTmonth = {•},
OPTnote = {•},
OPTannote = {•}
}


@ARTICLE {handrafted_paper,
    author  = {Allah Bux Sargano and Plamen Angelov and Zulfiqar Habib},
    title   = {A Comprehensive Review on Handcrafted and Learning-Based Action Representation Approaches for Human Activity Recognition},
    journal = {Applied Sciences},
    year    = {2017}
}
@ARTICLE {gcn_paper,
    author  = {Thomas N. Kipf and Max Welling},
    title   = {{Semi-Supervised} Classification with graph Convolutional Networks},
    journal = {{ICLR}},
    year    = {{2017}}
}
@ARTICLE {har_rnn,
    author  = {Jun Liuy and Amir Shahroudyy and Dong Xuz and and Gang Wangy},
    title   = {{Spatio-Temporal} {LSTM} with Trust Gates for {3D} Human Action Recognition},
    journal = {School of Electrical and Electronic Engineering, Nanyang Technological University},
    year    = {2016}
}
@ARTICLE {lstm,
    author  = {Sepp Hochreiter and Jurgen Schmidhuber},
    title   = {Long {Short-Term} Memory},
    journal = {Neural Computation},
    year    = {1997}
}
@BOOK {oppenheim,
    author    = {Alan V. Oppenheim and Alan S. Willsky and S. Hamid Nawab},
    title     = {Signals \& Systems},
    publisher = {{Prentice-Hall} International{,} Inc.},
    year      = {1997}
}
@MISC {2d_conv_src,
    author = {Sung Kim},
    title  = {Applications of Convolution in Image Processing with {MATLAB}},
    year   = {2013}
}
@ARTICLE {lstm_attention,
    author  = {Jun Liu and Gang Wang and {Ling-Yu} Duan and  Kamila Abdiyeva and Alex C. Kot},
    title   = {{Skeleton-Based} Human Action Recognition With Global {Context-Aware} Attention {LSTM} Networks},
    journal = {{IEEE}} Transaction on Image Processing},
    year    = {2018}
}
@ARTICLE {attention_pooling_main,
    author  = {Rohit Girdhar and Deva Ramanan},
    title   = {Attentional Pooling for Action Recognition},
    journal = {Conference on Neural Information Processing Systems {(NIPS 2017)}},
    year    = {2017}
}
@ARTICLE {attention_pooling,
    author  = {Pengcheng Li and Yan Song and Ian McLoughlin and Wu Guo and Lirong Dai},
    title   = {An Attention Pooling based Representation Learning Method for Speech Emotion Recognition},
    journal = {Interspeech},
    year    = {2018}
}
@ARTICLE {NTU_paper,
    author  = {Amir Shahroudy and Jun Liu and {Tian-Tsong} Ng and Gang Wang},
    title   = {{NTU RGB+D}: A Large Scale Dataset for {3D} Human Activity Analysis},
    journal = {{IEEE} Conference on Computer Vision and Pattern Recognition},
    year    = {2016}
}
@MISC {entropy_src,
    title        = {Loss Functions},
    howpublished = {\url{ https://ml-cheatsheet.readthedocs.io/en/latest/loss_functions.html}},
    note         = {Retrieved:  2019-07-29}
}
@BOOK {goodfellow,
    author    = {Ian Goodfellow and Yoshua Bengio and Aaron Courville},
    title     = {Deep Learning},
    publisher = {Massachusetts Institute of Technology},
    year      = {2016}
}

@article{rgbdVsSkeleton,
author = {Ben Tamou, Abdelouahid and Ballihi, Lahoucine and ABOUTAJDINE, Driss},
year = {2016},
pages = {},
title = {Automatic Learning of Articulated Skeletons Based on Mean of {3D} Joints for Efficient Action Recognition},
journal = {International Journal of Pattern Recognition and Artificial Intelligence},
doi = {10.1142/S0218001417500082}
}

@MISC {lstm_structure,
    title        = {Dive Into Deep Learning},
    howpublished = {\url{https://www.d2l.ai/chapter_recurrent-neural-networks/lstm.html}},
    note         = {Retrieved:  2019-07-23}
}

@MISC {CNN_structure,
    title        = {Convolutional Neural Network},
    howpublished = {\url{https://towardsdatascience.com/covolutional-neural-network-cb0883dd6529}},
    note         = {Retrieved:  2019-07-23}
}

@MISC {GNN_structure,
    title        = {Graph Convolutional Networks},
    howpublished = {\url{https://tkipf.github.io/graph-convolutional-networks/}},
    note         = {Retrieved:  2019-07-25}
}

@MISC {ntu_site,
    title        = {Action Recognition Datasets: {"NTU RGB+D"} Dataset and {"NTU RGB+D 120"} Dataset
},
    howpublished = {\url{http://rose1.ntu.edu.sg/datasets/actionrecognition.asp}},
    note         = {Retrieved:  2019-07-23}
}

@MastersThesis{asadi_thesis,
author = {Maryam Asadi Aghbolaghi},
title = {A Robust and Compressed Descriptor for Action Recognition from 4D Data”},
school = {Sharif University of Technology},
year = {2018}
}



